@article{einstein_1916,
  author = {Einstein, A.},
  title = {The Foundation of the General Theory of Relativity},
  journal = {Annalen der Physik},
  year = {1916},
  volume = {49},
  pages = {769-822}
}

@book{misner_2017,
  author = {Misner, C. W. and Thorne, K. S. and Wheeler, J. A.},
  title = {Gravitation},
  publisher = {Princeton University Press},
  year = {2017}
}

@article{einstein_1915,
  author = {Einstein, A.},
  title = {The Field Equations of Gravitation},
  journal = {Sitzungsberichte der Preussischen Akademie der Wissenschaften zu Berlin},
  pages = {844-847},
  year = {1915}
}

@article{hilbert_1915,
  author = {Hilbert, D.},
  title = {The Foundations of Physics},
  journal = {Nachrichten von der Gesellschaft der Wissenschaften zu GÃ¶ttingen, Mathematisch-Physikalische Klasse},
  volume = {1915},
  pages = {395-407},
  year = {1915}
}

@book{dirac_1996,
  author = {Dirac, P. A. M.},
  title = {General Theory of Relativity},
  publisher = {Princeton University Press},
  year = {1996}
}

@article{cartan_1922,
  author = {Cartan, E.},
  title = {On a Generalization of the Notion of Riemann Curvature and Spaces with Torsion},
  journal = {Comptes Rendus de l'Academie des Sciences},
  volume = {174},
  pages = {593-595},
  year = {1922}
}

@book{peskin_1995,
  author = {Peskin, M. E. and Schroeder, D. V.},
  title = {An Introduction to Quantum Field Theory},
  publisher = {Westview Press},
  year = {1995}
}

@book{weinberg_1995,
  author = {Weinberg, S.},
  title = {The Quantum Theory of Fields, Volume 1: Foundations},
  publisher = {Cambridge University Press},
  year = {1995}
}

@book{hawking_1973,
  author = {Hawking, S. W. and Ellis, G. F. R.},
  title = {The Large Scale Structure of Space-Time},
  publisher = {Cambridge University Press},
  year = {1973}
}

@article{weinberg_1989,
  author = {Weinberg, S.},
  title = {The Cosmological Constant Problem},
  journal = {Reviews of Modern Physics},
  volume = {61},
  number = {1},
  pages = {1-23},
  year = {1989}
}

@article{bertone_2018,
  author = {Bertone, G. and Hooper, D.},
  title = {A History of Dark Matter},
  journal = {Reviews of Modern Physics},
  volume = {90},
  number = {4},
  pages = {045002},
  year = {2018}
}

@book{rovelli_2004,
  author = {Rovelli, C.},
  title = {Quantum Gravity},
  publisher = {Cambridge University Press},
  year = {2004}
}

@book{weinberg_1972,
  author = {Weinberg, S.},
  title = {Gravitation and Cosmology: Principles and Applications of the General Theory of Relativity},
  publisher = {John Wiley \& Sons},
  year = {1972}
}

@book{penrose_2004,
  author = {Penrose, R.},
  title = {The Road to Reality: A Complete Guide to the Laws of the Universe},
  publisher = {Jonathan Cape},
  year = {2004}
}

@book{carroll_2004,
  author = {Carroll, S. M.},
  title = {Spacetime and Geometry: An Introduction to General Relativity},
  publisher = {Addison Wesley},
  year = {2004}
}

@article{hehl_1976,
  author = {Hehl, F. W. and von der Heyde, P. and Kerlick, G. D. and Nester, J. M.},
  title = {General relativity with spin and torsion: Foundations and prospects},
  journal = {Reviews of Modern Physics},
  volume = {48},
  number = {3},
  pages = {393-416},
  year = {1976}
}

@misc{blau_2020,
  author = {Blau, M.},
  title = {Lecture Notes on General Relativity},
  year = {2020}
}

@book{wald_1984,
  author = {Wald, R. M.},
  title = {General Relativity},
  publisher = {University of Chicago Press},
  year = {1984}
}

@book{eddington_1923,
  author = {Eddington, A. S.},
  title = {The Mathematical Theory of Relativity},
  publisher = {Cambridge University Press},
  year = {1923}
}

@book{peebles_1993,
  author = {Peebles, P. J. E.},
  title = {Principles of Physical Cosmology},
  publisher = {Princeton University Press},
  year = {1993}
}

@book{padmanabhan_2010,
  author = {Padmanabhan, T.},
  title = {Gravitation: Foundations and Frontiers},
  publisher = {Cambridge University Press},
  year = {2010}
}

@book{will_1993,
  author = {Will, C. M.},
  title = {Theory and Experiment in Gravitational Physics},
  publisher = {Cambridge University Press},
  year = {1993}
}

@book{wald_1994,
  author = {Wald, R. M.},
  title = {Quantum Field Theory in Curved Spacetime and Black Hole Thermodynamics},
  publisher = {University of Chicago Press},
  year = {1994}
}

@book{poisson_2014,
  author = {Poisson, E. and Will, C. M.},
  title = {Gravity: Newtonian, Post-Newtonian, Relativistic},
  publisher = {Cambridge University Press},
  year = {2014}
}

@book{hartle_2021,
  author = {Hartle, J. B.},
  title = {Gravity: An Introduction to Einstein's General Relativity},
  year = {2021}
}

@article{blandford_2015,
  author = {Blandford, R. D.},
  title = {A century of general relativity: Astrophysics and cosmology},
  journal = {Science},
  volume = {347},
  number = {6226},
  pages = {1103-1108},
  year = {2015}
}

@article{chapline_2003,
  author = {Chapline, G.},
  title = {Quantum phase transitions and the failure of classical general relativity},
  journal = {International Journal of Modern Physics A},
  volume = {18},
  number = {21},
  pages = {3587-3590},
  year = {2003}
}

@article{will_2014,
  author = {Will, C. M.},
  title = {The confrontation between general relativity and experiment},
  journal = {Living Reviews in Relativity},
  volume = {17},
  number = {1},
  pages = {4},
  year = {2014}
}

@misc{cahill_2006,
  author = {Cahill, R. T.},
  title = {Deriving the General Relativity Formalism: Understanding its Successes and Failures},
  year = {2006}
}

@book{hobson_2006,
  author = {Hobson, M. P. and Efstathiou, G. P. and Lasenby, A. N.},
  title = {General Relativity: An Introduction for Physicists},
  publisher = {Cambridge University Press},
  year = {2006}
}

@misc{chen_2024,
  author = {Chen, A.},
  title = {Gravitational Wave Probes of Cosmology and Gravity},
  year = {2024}
}

@article{turner_2000,
  author = {Turner, M. S.},
  title = {The dark side of the universe: from Zwicky to accelerated expansion},
  journal = {Physics Reports},
  volume = {333},
  pages = {619-635},
  year = {2000}
}

@article{frieman_2008,
  author = {Frieman, J. A. and Turner, M. S. and Huterer, D.},
  title = {Dark energy and the accelerating universe},
  journal = {Annual Review of Astronomy and Astrophysics},
  volume = {46},
  pages = {385-432},
  year = {2008}
}

@misc{schulz_2014,
  author = {Schulz, B.},
  title = {Review on the quantization of gravity},
  year = {2014}
}

@article{watanabe_2004,
  title={General relativity with torsion},
  author={Watanabe, Tomoki and Hayashi, Mitsuo J},
  journal={arXiv preprint gr-qc/0409029},
  year={2004}
}

@article{lindstrom_2011,
  author = {Lindstrom, D. and Eckardt, H. and Evans, M. W.},
  title = {On Connections of the Anti-Symmetric and Totally Anti-Symmetric Torsion Tensor},
  year = {2011}
}

@article{abbott_2016,
  author = {Abbott, B. P. et al.},
  title = {Observation of Gravitational Waves from a Binary Black Hole Merger},
  journal = {Physical Review Letters},
  volume = {116},
  number = {6},
  pages = {061102},
  year = {2016}
}

@article{abbott_2017,
  author = {Abbott, B. P. et al.},
  title = {GW170817: Observation of Gravitational Waves from a Binary Neutron Star Inspiral},
  journal = {Physical Review Letters},
  volume = {119},
  number = {16},
  pages = {161101},
  year = {2017}
}

@article{abbott_2020_1,
  author = {Abbott, R. et al.},
  title = {GW190521: A Binary Black Hole Merger at Redshift 0.82},
  journal = {The Astrophysical Journal},
  volume = {896},
  number = {2},
  pages = {L44},
  year = {2020}
}

@article{abbott_2020_2,
  author = {Abbott, R. et al.},
  title = {Multi-messenger Observations of a Binary Neutron Star Merger},
  journal = {The Astrophysical Journal},
  volume = {848},
  number = {2},
  pages = {L12},
  year = {2020}
}

@article{LIGO_2021_2,
  author = {LIGO Scientific Collaboration and Virgo Collaboration},
  title = {The population of merging compact binaries: Results from the first two observing runs of LIGO and Virgo},
  journal = {The Astrophysical Journal},
  volume = {913},
  number = {1},
  pages = {1-27},
  year = {2021}
}

@misc{hauser_2019_1,
  author = {Hauser, R.},
  title = {Introduction to the Standard Model of Particle Physics (Part 1)},
  note = {Colorado School of Mines, Alex Flournoy, PHGN 423 Particle Physics, 2018, Lecture Notes},
  year = {2019}
}

@misc{hauser_2019_2,
  author = {Hauser, R.},
  title = {Introduction to the Standard Model of Particle Physics (Part 2)},
  note = {Colorado School of Mines, Alex Flournoy, PHGN 423 Particle Physics, 2018, Lecture Notes},
  year = {2019}
}

@misc{hauser_2019_3,
  author = {Hauser, R.},
  title = {Introduction to General Relativity},
  note = {Colorado School of Mines, Alex Flournoy, PHGN 418 General Relativity, 2018, Lecture Notes},
  year = {2019}
}

@inproceedings{philipp_2015,
  title={On geodesic deviation in Schwarzschild spacetime},
  author={Philipp, Dennis and Perlick, Volker and L{\"a}mmerzahl, Claus and Deshpande, Kaustubh},
  booktitle={2015 IEEE Metrology for Aerospace (MetroAeroSpace)},
  pages={198--203},
  year={2015},
  organization={IEEE}
}

@article{ganiou_2016,
  title={Geodesic Deviation Equation in $\Lambda$CDM f (T, T) f(T,T) Gravity},
  author={Ganiou, MG and Salako, Ines G and Houndjo, MJS and Tossa, J},
  journal={International Journal of Theoretical Physics},
  volume={55},
  pages={3954--3972},
  year={2016},
  publisher={Springer}
}

@book{duggal_2013,
  author = {Duggal, K. L. and Sharma, R.},
  title = {Symmetries of Spacetimes and Riemannian Manifolds},
  publisher = {Springer},
  year = {2013}
}

@article{emparan_2002,
  author = {Emparan, R. and Reall, H. S.},
  title = {Generalized Weyl solutions},
  journal = {Physical Review D},
  volume = {66},
  number = {8},
  pages = {104025},
  year = {2002}
}

@article{jizba_2020,
  author = {Jizba, P. and RachwaÅ, L. and KÅap, J.},
  title = {Infrared behavior of Weyl gravity: functional renormalization group approach},
  journal = {Physical Review D},
  volume = {102},
  number = {4},
  pages = {044033},
  year = {2020}
}

@article{LIGO_2021_1,
  author = {LIGO Scientific Collaboration and Virgo Collaboration},
  title = {The first two observing runs of Advanced LIGO and Advanced Virgo: A summary of the results},
  journal = {Classical and Quantum Gravity},
  volume = {38},
  number = {22},
  pages = {225009},
  year = {2021}
}

@article{abbott_2021,
  author = {Abbott, B. P. and et al.},
  title = {A gravitational-wave standard siren measurement of the Hubble constant},
  journal = {Nature},
  volume = {551},
  number = {7678},
  pages = {85--88},
  year = {2021}
}

@article{LIGO_2020,
  author = {LIGO Scientific Collaboration and Virgo Collaboration},
  title = {A Gravitational-Wave Standard Siren Measurement of the Hubble Constant},
  journal = {The Astrophysical Journal},
  volume = {892},
  number = {1},
  pages = {L3},
  year = {2020}
}

@incollection{brandes_2013,
  title={General Relativity TheoryâWell Proven and Also Incomplete?},
  author={Brandes, J{\"u}rgen},
  booktitle={The Physics of Reality: Space, Time, Matter, Cosmos},
  pages={120--122},
  year={2013},
  publisher={World Scientific}
}

@book{stephani_2009,
  title={Exact solutions of Einstein's field equations},
  author={Stephani, Hans and Kramer, Dietrich and MacCallum, Malcolm and Hoenselaers, Cornelius and Herlt, Eduard},
  year={2009},
  publisher={Cambridge university press}
}

@inproceedings{hollands_2002,
  title={The state space of perturbative quantum field theory in curved spacetimes},
  author={Hollands, Stefan and Ruan, Weihua},
  booktitle={Annales Henri Poincare},
  volume={3},
  number={4},
  pages={635--657},
  year={2002},
  organization={Springer}
}

@article{bern_2002,
  title={Perturbative quantum gravity and its relation to gauge theory},
  author={Bern, Zvi},
  journal={Living Reviews in Relativity},
  volume={5},
  pages={1--57},
  year={2002},
  publisher={Springer}
}

@article{einstein_1937,
  title={On gravitational waves},
  author={Einstein, Albert and Rosen, Nathan},
  journal={Journal of the Franklin Institute},
  volume={223},
  number={1},
  pages={43--54},
  year={1937},
  publisher={Elsevier}
}

@article{wheeler_2018,
  title={Weyl geometry},
  author={Wheeler, James T},
  journal={General Relativity and Gravitation},
  volume={50},
  pages={1--36},
  year={2018},
  publisher={Springer}
}

@article{hofmann_2013,
  title={Interpretation of the Weyl tensor},
  author={Hofmann, Stefan and Niedermann, Florian and Schneider, Robert},
  journal={Physical Review DâParticles, Fields, Gravitation, and Cosmology},
  volume={88},
  number={6},
  pages={064047},
  year={2013},
  publisher={APS}
}

@article{wheeler_1986,
  title={Symmetric solutions to the maximally Gauss-Bonnet extended Einstein equations},
  author={Wheeler, James T},
  journal={Nuclear Physics B},
  volume={273},
  number={3-4},
  pages={732--748},
  year={1986},
  publisher={Elsevier}
}

@article{panei_1999,
  title={Mass-radius relations for white dwarf stars of different internal compositions},
  author={Panei, JA and Althaus, LG and Benvenuto, OG},
  journal={arXiv preprint astro-ph/9909499},
  year={1999}
}

@article{barrow_2011,
  title={The value of the cosmological constant},
  author={Barrow, John D and Shaw, Douglas J},
  journal={International Journal of Modern Physics D},
  volume={20},
  number={14},
  pages={2875--2880},
  year={2011},
  publisher={World Scientific}
}

@article{caprini_2018,
  title={Cosmological backgrounds of gravitational waves},
  author={Caprini, Chiara and Figueroa, Daniel G},
  journal={Classical and Quantum Gravity},
  volume={35},
  number={16},
  pages={163001},
  year={2018},
  publisher={IOP Publishing}
}

@article{kruskal_1960,
  title={Maximal extension of Schwarzschild metric},
  author={Kruskal, Martin D},
  journal={Physical review},
  volume={119},
  number={5},
  pages={1743},
  year={1960},
  publisher={APS}
}

@article{lai_1995,
  title={Spin-Orbit Interaction in Neutron Star/Main Sequence Binaries and Implications for Pulsar Timing},
  author={Lai, Dong and Bildsten, Lars and Kaspi, Vicky},
  journal={arXiv preprint astro-ph/9505042},
  year={1995}
}

@article{wex_1998,
  title={Timing models for the long orbital period binary pulsar PSR B1259--63},
  author={Wex, Norbert and Johnston, S and Manchester, RN and Lyne, AG and Stappers, BW and Bailes, M},
  journal={Monthly Notices of the Royal Astronomical Society},
  volume={298},
  number={4},
  pages={997--1004},
  year={1998},
  publisher={Blackwell Science Ltd Oxford, UK}
}

@article{deser_2009,
  title={Gravity from self-interaction redux},
  author={Deser, Stanley},
  journal={arXiv preprint arXiv:0910.2975},
  year={2009}
}

@article{reuter_2009,
  title={The role of background independence for asymptotic safety in Quantum Einstein Gravity},
  author={Reuter, Martin and Weyer, Holger},
  journal={General Relativity and Gravitation},
  volume={41},
  pages={983--1011},
  year={2009},
  publisher={Springer}
}

@article{ashtekar_2009,
  title={Some surprising implications of background independence in canonical quantum gravity},
  author={Ashtekar, Abhay},
  journal={General Relativity and Gravitation},
  volume={41},
  pages={1927--1943},
  year={2009},
  publisher={Springer}
}

@article{ashtekar_2004,
  title={Background independent quantum gravity: a status report},
  author={Ashtekar, Abhay and Lewandowski, Jerzy},
  journal={Classical and Quantum Gravity},
  volume={21},
  number={15},
  pages={R53},
  year={2004},
  publisher={IOP Publishing}
}

@book{read_2023,
  title={Background independence in classical and quantum gravity},
  author={Read, James},
  year={2023},
  publisher={Oxford University Press}
}

@article{deser_1957,
  title={General relativity and the divergence problem in quantum field theory},
  author={Deser, Stanley},
  journal={Reviews of Modern Physics},
  volume={29},
  number={3},
  pages={417},
  year={1957},
  publisher={APS}
}

@article{freeman_1970,
  title={On the disks of spiral and S0 galaxies},
  author={Freeman, Kenneth C},
  journal={Astrophysical Journal, vol. 160, p. 811},
  volume={160},
  pages={811},
  year={1970}
}

@article{navarro_1997,
  title={A universal density profile from hierarchical clustering},
  author={Navarro, Julio F and Frenk, Carlos S and White, Simon DM},
  journal={The Astrophysical Journal},
  volume={490},
  number={2},
  pages={493},
  year={1997},
  publisher={IOP Publishing}
}

@article{burstein_1985,
  title={The distribution of mass in spiral galaxies},
  author={Burstein, David and Rubin, Vera C},
  journal={Astrophysical Journal, Part 1 (ISSN 0004-637X), vol. 297, Oct. 15, 1985, p. 423-435.},
  volume={297},
  pages={423--435},
  year={1985}
}

@article{brownstein_2006,
  author = {Brownstein, J. R. and Moffat, J. W.},
  title = {Galaxy rotation curves without nonbaryonic dark matter},
  journal = {The Astrophysical Journal},
  volume = {636},
  number = {2},
  pages = {721},
  year = {2006}
}

@article{poplawski_2014,
  author = {Poplawski, Nikodem},
  journal = {Gen Relativ Gravit},
  number = {1625},
  title = {Affine theory of gravitation},
  volume = {46},
  year = {2014}
}

@article{capozziello_2009,
   title={A GENERAL SOLUTION IN THE NEWTONIAN LIMIT OF f(R)-GRAVITY},
   volume={24},
   ISSN={1793-6632},
   url={http://dx.doi.org/10.1142/S0217732309030382},
   DOI={10.1142/s0217732309030382},
   number={09},
   journal={Modern Physics Letters A},
   publisher={World Scientific Pub Co Pte Lt},
   author={CAPOZZIELLO, S. and STABILE, A. and TROISI, A.},
   year={2009},
   month=mar, pages={659â665}
}

@misc{hurtado_2025,
      title={Spherically Symmetric Potentials in Quadratic $f(R)$ Gravity}, 
      author={Roger Anderson Hurtado},
      year={2025},
      eprint={2506.15123},
      archivePrefix={arXiv},
      primaryClass={gr-qc},
      url={https://arxiv.org/abs/2506.15123}, 
}

@article{liu_2017,
   title={Distinguishing f(R) theories from general relativity by gravitational lensing effect},
   volume={77},
   ISSN={1434-6052},
   url={http://dx.doi.org/10.1140/epjc/s10052-017-5308-5},
   DOI={10.1140/epjc/s10052-017-5308-5},
   number={11},
   journal={The European Physical Journal C},
   publisher={Springer Science and Business Media LLC},
   author={Liu, Hongguang and Wang, Xin and Li, Haida and Ma, Yongge},
   year={2017},
   month=oct
}

@article{dagostino_2024,
  author = {DâAgostino, R. and Jusufi, K. and Capozziello, S.},
  journal = {Eur. Phys. J. C},
  number = {386},
  title = {Testing Yukawa cosmology at the Milky Way and M31 galactic scales},
  volume = {84},
  year = {2024}
}

@article{capozziello_2020,
    author = "Capozziello, Salvatore and Jovanovi{\'c}, Vesna Borka and Borka, Du{\v{s}}ko and Jovanovi{\'c}, Predrag",
    title = "{Constraining theories of gravity by fundamental plane of elliptical galaxies}",
    eprint = "2004.11557",
    archivePrefix = "arXiv",
    primaryClass = "gr-qc",
    doi = "10.1016/j.dark.2020.100573",
    journal = "Phys. Dark Univ.",
    volume = "29",
    pages = "100573",
    year = "2020"
}

@article{stabile_2013,
  title = {Galaxy rotation curves in $f(R,\ensuremath{\phi})$ gravity},
  author = {Stabile, A. and Capozziello, S.},
  journal = {Phys. Rev. D},
  volume = {87},
  issue = {6},
  pages = {064002},
  numpages = {13},
  year = {2013},
  month = {Mar},
  publisher = {American Physical Society},
  doi = {10.1103/PhysRevD.87.064002},
  url = {https://link.aps.org/doi/10.1103/PhysRevD.87.064002}
}